@article{10,
  title={Detecting novel associations in large data sets},
  author={Reshef, David N and Reshef, Yakir A and Finucane, Hilary K and Grossman, Sharon R and McVean, Gilean and Turnbaugh, Peter J and Lander, Eric S and Mitzenmacher, Michael and Sabeti, Pardis C},
  journal={science},
  volume={334},
  number={6062},
  pages={1518--1524},
  year={2011},
  publisher={American Association for the Advancement of Science}
}

@article{赵龙文2013基于意见领袖参与行为的微博话题热度预测研究,
  title={基于意见领袖参与行为的微博话题热度预测研究},
  author={赵龙文 and 公荣涛 and 陈明艳 and 姚海波},
  journal={情报杂志},
  volume={32},
  number={12},
  pages={42--46},
  year={2013}
}

@online{internetSurvey,
  author =      {{中国互联网络信息中心}},
  title =       {2015年中国社交应用用户行为研究报告},
  citedate =    {2017-04-23},
  url =         {http://www.cnnic.net.cn/hlwfzyj/hlwxzbg/sqbg/201604/t20160408_53518.htm},
}

@online{Facebook,
  author =      {{Facebook}},
  title =       {Facebook Reports Fourth Quarter and Full Year 2016 Results},
  citedate =    {2017-04-23},
  url =         {https://investor.fb.com/investor-news/press-release-details/2017/facebook-Reports-Fourth-Quarter-and-Full-Year-2016-Results/default.aspx},
}

@online{微博,
  author =      {{微博}},
  title =       {微博2016年Q4季报解读},
  citedate =    {2017-04-23},
  url =         {http://weibo.com/ttarticle/p/show?id=2309614081122958030309},
}

@online{工具,
  author =      {{baidu}},
  title =       {工具变量法},
  citedate =    {2017-04-23},
  url =         {http://baike.baidu.com/item/%E5%B7%A5%E5%85%B7%E5%8F%98%E9%87%8F%E6%B3%95},
}

@online{微博维基,
  author =      {{Wikipedia}},
  title =       {新浪微博},
  citedate =    {2017-04-23},
  url =         {https://zh.wikipedia.org/wiki/新浪微博
},
}

@online{格,
  author =      {{baidu}},
  title =       {格兰杰因果关系检验},
  citedate =    {2017-04-23},
  url =         {http://baike.baidu.com/item/%E6%A0%BC%E5%85%B0%E6%9D%B0%E5%9B%A0%E6%9E%9C%E5%85%B3%E7%B3%BB%E6%A3%80%E9%AA%8C/2485970
},
}

@book{hyder2016zen,
  title={The Zen of social media marketing: an easier way to build credibility, generate buzz, and increase revenue},
  author={Hyder, Shama},
  year={2016},
  publisher={BenBella Books, Inc.}
}

@book{tuten2014social,
  title={Social media marketing},
  author={Tuten, Tracy L and Solomon, Michael R},
  year={2014},
  publisher={Sage}
}

@article{saravanakumar2012social,
  title={Social media marketing},
  author={Saravanakumar, M and SuganthaLakshmi, T},
  journal={Life Science Journal},
  volume={9},
  number={4},
  pages={4444--4451},
  year={2012}
}

@book{heymann2012social,
  title={Social Media Marketing},
  author={Heymann-Reder, Dorothea},
  year={2012},
  publisher={Addison-Wesley Verlag}
}

@article{bolotaeva2010marketing,
  title={Marketing opportunities with social networks},
  author={Bolotaeva, Victoria and Cata, Teuta},
  journal={Journal of Internet Social Networking and Virtual Communities},
  volume={2010},
  pages={1--8},
  year={2010},
  publisher={Citeseer}
}

@inproceedings{zavivsic2011social,
  title={Social network marketing},
  author={Zavi{\v{s}}i{\'c}, Senka and Zavi{\v{s}}i{\'c}, {\v{Z}}eljka},
  booktitle={CROMAR kongres (22; 2011)},
  year={2011}
}

@phdthesis{张琦2011新媒介环境下的中国电影营销策略研究,
  title={新媒介环境下的中国电影营销策略研究},
  author={张琦},
  year={2011},
  school={福州: 福建师范大学}
}

@article{于瑞华2012基于,
  title={基于 WEB2. 0 的电影营销策略研究},
  author={于瑞华},
  journal={电影文学},
  number={15},
  pages={18--19},
  year={2012}
}

@inproceedings{ono2007context,
  title={A context-aware movie preference model using a Bayesian network for recommendation and promotion},
  author={Ono, Chihiro and Kurokawa, Mori and Motomura, Yoichi and Asoh, Hideki},
  booktitle={International Conference on User Modeling},
  pages={247--257},
  year={2007},
  organization={Springer}
}

@inproceedings{golbeck2006filmtrust,
  title={Filmtrust: Movie recommendations using trust in web-based social networks},
  author={Golbeck, Jennifer and Hendler, James and others},
  booktitle={Proceedings of the IEEE Consumer communications and networking conference},
  volume={96},
  number={1},
  pages={282--286},
  year={2006},
  organization={Citeseer}
}

@article{熊莉2012失恋,
  title={《 失恋 33 天》 电影新营销的胜利},
  author={熊莉 and 冯利芳},
  journal={成功营销},
  number={2},
  pages={74--79},
  year={2012}
}

@article{shafiq2013identifying,
  title={Identifying leaders and followers in online social networks},
  author={Shafiq, M Zubair and Ilyas, Muhammad U and Liu, Alex X and Radha, Hayder},
  journal={IEEE Journal on Selected Areas in Communications},
  volume={31},
  number={9},
  pages={618--628},
  year={2013},
  publisher={IEEE}
}

@inproceedings{kwak2010twitter,
  title={What is Twitter, a social network or a news media?},
  author={Kwak, Haewoon and Lee, Changhyun and Park, Hosung and Moon, Sue},
  booktitle={Proceedings of the 19th international conference on World wide web},
  pages={591--600},
  year={2010},
  organization={ACM}
}

@inproceedings{he2009detecting,
  title={Detecting topic evolution in scientific literature: How can citations help?},
  author={He, Qi and Chen, Bi and Pei, Jian and Qiu, Baojun and Mitra, Prasenjit and Giles, Lee},
  booktitle={Proceedings of the 18th ACM conference on Information and knowledge management},
  pages={957--966},
  year={2009},
  organization={ACM}
}

@mastersthesis{王伟2015基于微博数据的电影票房预测研究,
  title={基于微博数据的电影票房预测研究},
  author={王伟},
  year={2015},
  school={重庆大学}
}

@article{王晓耘2016基于微博的电影首映周票房预测建模,
  title={基于微博的电影首映周票房预测建模},
  author={王晓耘 and 袁媛 and 史玲玲},
  journal={现代图书情报技术},
  volume={32},
  number={4},
  pages={31--39},
  year={2016}
}

@article{王炼2014基于网络搜索的票房预测模型,
  title={基于网络搜索的票房预测模型——来自中国电影市场的证据},
  author={王炼 and 贾建民},
  journal={系统工程理论与实践},
  volume={34},
  number={12},
  pages={3079--3090},
  year={2014}
}

@article{sharda2006predicting,
  title={Predicting box-office success of motion pictures with neural networks},
  author={Sharda, Ramesh and Delen, Dursun},
  journal={Expert Systems with Applications},
  volume={30},
  number={2},
  pages={243--254},
  year={2006},
  publisher={Elsevier}
}

@inproceedings{asur2010predicting,
  title={Predicting the future with social media},
  author={Asur, Sitaram and Huberman, Bernardo A},
  booktitle={Web Intelligence and Intelligent Agent Technology (WI-IAT), 2010 IEEE/WIC/ACM International Conference on},
  volume={1},
  pages={492--499},
  year={2010},
  organization={IEEE}
}

@article{sawhney1996parsimonious,
  title={A parsimonious model for forecasting gross box-office revenues of motion pictures},
  author={Sawhney, Mohanbir S and Eliashberg, Jehoshua},
  journal={Marketing Science},
  volume={15},
  number={2},
  pages={113--131},
  year={1996},
  publisher={INFORMS}
}

@inproceedings{golbeck2006filmtrust,
  title={Filmtrust: Movie recommendations using trust in web-based social networks},
  author={Golbeck, Jennifer and Hendler, James and others},
  booktitle={Proceedings of the IEEE Consumer communications and networking conference},
  volume={96},
  number={1},
  pages={282--286},
  year={2006},
  organization={Citeseer}
}

@inproceedings{bogers2010movie,
  title={Movie recommendation using random walks over the contextual graph},
  author={Bogers, Toine},
  booktitle={Proc. of the 2nd Intl. Workshop on Context-Aware Recommender Systems},
  year={2010}
}

@article{mukherjee2003movie,
  title={A movie recommendation system--an application of voting theory in user modeling},
  author={Mukherjee, Rajatish and Sajja, Neelima and Sen, Sandip},
  journal={User Modeling and User-Adapted Interaction},
  volume={13},
  number={1},
  pages={5--33},
  year={2003},
  publisher={Springer}
}

@article{lin2008causal,
  title={A causal analytical method for group decision-making under fuzzy environment},
  author={Lin, Chi-Jen and Wu, Wei-Wen},
  journal={Expert Systems with Applications},
  volume={34},
  number={1},
  pages={205--213},
  year={2008},
  publisher={Elsevier}
}

@incollection{bauer1997method,
  title={Method supplied investigation of customer loyalty in the automotive industry—Results of a causal analytical study},
  author={Bauer, Hans H and Huber, Frank and Br{\"a}utigam, Felix},
  booktitle={Customer retention in the automotive industry},
  pages={167--213},
  year={1997},
  publisher={Springer}
}

@misc{giessmann2010complexity,
  title={Complexity management in logistics. causal analytical study on the influence of procurment complexity on the logistics success},
  author={Gie{\ss}mann, M},
  year={2010},
  publisher={Lohmar, K{\"o}ln: Eul}
}

@article{陈林2012中国地区性行政垄断与区域经济绩效,
  title={中国地区性行政垄断与区域经济绩效——基于工具变量法的实证研究},
  author={陈林 and 朱卫平},
  journal={经济社会体制比较},
  number={4},
  pages={195--204},
  year={2012}
}

@article{陈昊2014出口贸易与学历误配,
  title={出口贸易与学历误配: 缓解还是加剧?——基于多工具变量法的经验研究},
  author={陈昊},
  journal={财经研究},
  volume={3},
  pages={42--51},
  year={2014},
  publisher={万方数据资源系统}
}

@article{方颖2011寻找制度的工具变量,
  title={寻找制度的工具变量: 估计产权保护对中国经济增长的贡献},
  author={方颖 and 赵扬},
  year={2011}
}

@article{stock2003retrospectives,
  title={Retrospectives: Who invented instrumental variable regression?},
  author={Stock, James H and Trebbi, Francesco},
  journal={The Journal of Economic Perspectives},
  volume={17},
  number={3},
  pages={177--194},
  year={2003},
  publisher={American Economic Association}
}

@article{陈云松2012逻辑,
  title={逻辑, 想象和诠释: 工具变量在社会科学因果推断中的应用},
  author={陈云松},
  journal={社会学研究},
  volume={6},
  pages={192--216},
  year={2012}
}

@article{arellano1995another,
  title={Another look at the instrumental variable estimation of error-components models},
  author={Arellano, Manuel and Bover, Olympia},
  journal={Journal of econometrics},
  volume={68},
  number={1},
  pages={29--51},
  year={1995},
  publisher={Elsevier}
}

@misc{nelson1988some,
  title={Some further results on the exact small sample properties of the instrumental variable estimator},
  author={Nelson, Charles and Startz, Richard},
  year={1988},
  publisher={National Bureau of Economic Research Cambridge, Mass., USA}
}

@article{cragg1993testing,
  title={Testing identifiability and specification in instrumental variable models},
  author={Cragg, John G and Donald, Stephen G},
  journal={Econometric Theory},
  volume={9},
  number={02},
  pages={222--240},
  year={1993},
  publisher={Cambridge Univ Press}
}

@article{hiemstra1994testing,
  title={Testing for linear and nonlinear Granger causality in the stock price-volume relation},
  author={Hiemstra, Craig and Jones, Jonathan D},
  journal={The Journal of Finance},
  volume={49},
  number={5},
  pages={1639--1664},
  year={1994},
  publisher={Wiley Online Library}
}

@article{游和远2007基于格兰杰因果关系检验模型的地价与房价关系分析,
  title={基于格兰杰因果关系检验模型的地价与房价关系分析―对深圳市的实证研究},
  author={游和远 and 谭术魁 and 林宁},
  journal={蘭州工業高等專科學校學報},
  volume={14},
  number={1},
  pages={54--58},
  year={2007},
  publisher={蘭州工業高等專科學校學報編輯部}
}

@article{yang2000note,
  title={A note on the causal relationship between energy and GDP in Taiwan},
  author={Yang, Hao-Yen},
  journal={Energy economics},
  volume={22},
  number={3},
  pages={309--317},
  year={2000},
  publisher={Elsevier}
}

@article{soytas2003energy,
  title={Energy consumption and GDP: causality relationship in G-7 countries and emerging markets},
  author={Soytas, Ugur and Sari, Ramazan},
  journal={Energy economics},
  volume={25},
  number={1},
  pages={33--37},
  year={2003},
  publisher={Elsevier}
}

@article{庞皓1999格兰杰因果检验的有效性及其应用,
  title={格兰杰因果检验的有效性及其应用},
  author={庞皓 and 陈述云},
  journal={统计与决策},
  number={9},
  pages={17--19},
  year={1999}
}

@article{孔凡文2010格兰杰因果关系检验模型分析与应用,
  title={格兰杰因果关系检验模型分析与应用},
  author={孔凡文 and 才旭 and 于淼},
  journal={瀋陽建築大學學報 (自然科學版)},
  volume={26},
  number={2},
  pages={405--408},
  year={2010},
  publisher={瀋陽建築大學學報編輯部}
}

@article{余静文2011新,
  title={新 “拟随机实验” 方法的兴起——断点回归及其在经济学中的应用},
  author={余静文 and 王春超},
  journal={经济学动态},
  number={2},
  pages={125--131},
  year={2011}
}

@article{imbens2008regression,
  title={Regression discontinuity designs: A guide to practice},
  author={Imbens, Guido W and Lemieux, Thomas},
  journal={Journal of econometrics},
  volume={142},
  number={2},
  pages={615--635},
  year={2008},
  publisher={Elsevier}
}

@article{caughey2011elections,
  title={Elections and the regression discontinuity design: Lessons from close US House races, 1942-2008},
  author={Caughey, Devin and Sekhon, Jasjeet S},
  journal={Political Analysis},
  pages={385--408},
  year={2011},
  publisher={JSTOR}
}

@article{cellini2010value,
  title={The value of school facility investments: Evidence from a dynamic regression discontinuity design},
  author={Cellini, Stephanie Riegg and Ferreira, Fernando and Rothstein, Jesse},
  journal={The Quarterly Journal of Economics},
  volume={125},
  number={1},
  pages={215--261},
  year={2010},
  publisher={Oxford University Press}
}

@article{张建同2015上海市房地产限购限贷政策评估,
  title={上海市房地产限购限贷政策评估: 基于断点回归设计的研究},
  author={张建同 and 方陈承 and 何芳},
  journal={科学决策},
  number={7},
  pages={1--23},
  year={2015}
}

@article{席鹏辉2015空气污染对地方环保投入的影响,
  title={空气污染对地方环保投入的影响——基于多断点回归设计},
  author={席鹏辉 and 梁若冰},
  year={2015}
}

@article{zhang2012结婚年龄与婚姻的稳定性,
  title={结婚年龄与婚姻的稳定性: 来自断点回归的证据},
  author={Zhang, Chuanchuan},
  year={2012}
}

@article{王骏2015重点高中能否提高学生的学业成绩,
  title={重点高中能否提高学生的学业成绩--基于 F 县普通高中的一个断点回归设计研究},
  author={王骏 and 孙志军 and others},
  journal={北京大学教育评论},
  number={2015 年 04},
  pages={82--109},
  year={2015},
  publisher={北京大学}
}

@article{rosenbaum1983central,
  title={The central role of the propensity score in observational studies for causal effects},
  author={Rosenbaum, Paul R and Rubin, Donald B},
  journal={Biometrika},
  pages={41--55},
  year={1983},
  publisher={JSTOR}
}

@article{胡安宁2012倾向值匹配与因果推论,
  title={倾向值匹配与因果推论: 方法论述评},
  author={胡安宁},
  journal={社会学研究},
  volume={1},
  pages={221--242},
  year={2012}
}

@article{张紫薇2016大学本土留学教育个人收益的计量分析,
  title={大学本土留学教育个人收益的计量分析: 基于倾向值匹配法的研究},
  author={张紫薇 and 柯佑祥},
  journal={教育与经济},
  number={1},
  pages={33--38},
  year={2016}
}

@article{侯珂2014留守对农村儿童青少年社会适应的影响,
  title={留守对农村儿童青少年社会适应的影响: 倾向值匹配的比较分析},
  author={侯珂 and 刘艳 and 屈智勇 and 蒋索},
  journal={心理发展与教育},
  volume={30},
  number={6},
  pages={646--655},
  year={2014}
}

@article{周振2014户籍歧视与城乡劳动力工资差异,
  title={户籍歧视与城乡劳动力工资差异——基于倾向值的匹配分析},
  author={周振 and 牛立腾 and 孔祥智},
  journal={区域经济评论},
  number={4},
  pages={122--130},
  year={2014}
}

@article{thistlethwaite1960regression,
  title={Regression-discontinuity analysis: An alternative to the ex post facto experiment},
  author={Thistlethwaite, Donald L and Campbell, Donald T},
  journal={Journal of Educational psychology},
  volume={51},
  number={6},
  pages={309--317},
  year={1960}
}

@article{lee2010regression,
  title={Regression discontinuity designs in economics},
  author={Lee, David S and Lemieuxa, Thomas},
  journal={Journal of economic literature},
  volume={48},
  number={2},
  pages={281--355},
  year={2010},
  publisher={American Economic Association}
}

@article{jalan2003estimating,
  title={Estimating the benefit incidence of an antipoverty program by propensity-score matching},
  author={Jalan, Jyotsna and Ravallion, Martin},
  journal={Journal of Business \& Economic Statistics},
  volume={21},
  number={1},
  pages={19--30},
  year={2003},
  publisher={Taylor \& Francis}
}

@article{seeger2005application,
  title={An application of propensity score matching using claims data},
  author={Seeger, John D and Williams, Paige L and Walker, Alexander M},
  journal={Pharmacoepidemiology and drug safety},
  volume={14},
  number={7},
  pages={465--476},
  year={2005},
  publisher={Wiley Online Library}
}

@article{normand2001validating,
  title={Validating recommendations for coronary angiography following acute myocardial infarction in the elderly: a matched analysis using propensity scores},
  author={Normand, Sharon-Lise T and Landrum, Mary Beth and Guadagnoli, Edward and Ayanian, John Z and Ryan, Thomas J and Cleary, Paul D and McNeil, Barbara J},
  journal={Journal of clinical epidemiology},
  volume={54},
  number={4},
  pages={387--398},
  year={2001},
  publisher={Elsevier}
}

@article{austin2011optimal,
  title={Optimal caliper widths for propensity-score matching when estimating differences in means and differences in proportions in observational studies},
  author={Austin, Peter C},
  journal={Pharmaceutical statistics},
  volume={10},
  number={2},
  pages={150--161},
  year={2011},
  publisher={Wiley Online Library}
}





