@inproceedings{1,
  title={High performance imaging using large camera arrays},
  author={Wilburn, Bennett and Joshi, Neel and Vaish, Vaibhav and Talvala, Eino-Ville and Antunez, Emilio and Barth, Adam and Adams, Andrew and Horowitz, Mark and Levoy, Marc},
  booktitle={ACM Transactions on Graphics (TOG)},
  volume={24},
  number={3},
  pages={765--776},
  year={2005},
  organization={ACM}
}

@article{2,
  title={基于代数多重网格的图像拼接中动态目标的检测 Dynamic Object Detection in Image Mosaic Based on Algebraic Multigrid},
  author={顾西存 and 黄颖 and others},
  journal={Computer Science and Application},
  volume={6},
  number={02},
  pages={94},
  year={2016},
  publisher={Scientific Research Publishing}
}

@online{3,
  author =      {{Stanford Computer Graphics Laboratory}},
  title =       {The Stanford Multi-Camera Array},
  citedate =    {2017-03-23},
  url =         {http://graphics.stanford.edu/projects/array/},
}

@inproceedings{4,
  title={High-speed videography using a dense camera array},
  author={Wilburn, Bennett and Joshi, Neel and Vaish, Vaibhav and Levoy, Marc and Horowitz, Mark},
  booktitle={Computer Vision and Pattern Recognition, 2004. CVPR 2004. Proceedings of the 2004 IEEE Computer Society Conference on},
  volume={2},
  pages={II--II},
  year={2004},
  organization={IEEE}
}

@article{5,
  title={The light field video camera},
  author={Wilburn, Bennett and Smulski, Michael and Lee, Hsiao-Heng Kelin and Horowitz, Mark},
  journal={Media Processors 2002},
  volume={4674},
  pages={29--36},
  year={2002},
  publisher={Proc. SPIE}
}

@inproceedings{6,
  title={Using plane+ parallax for calibrating dense camera arrays},
  author={Vaish, Vaibhav and Wilburn, Bennett and Joshi, Neel and Levoy, Marc},
  booktitle={Computer Vision and Pattern Recognition, 2004. CVPR 2004. Proceedings of the 2004 IEEE Computer Society Conference on},
  volume={1},
  pages={I--I},
  year={2004},
  organization={IEEE}
}

@inproceedings{7,
  title={High performance imaging using large camera arrays},
  author={Wilburn, Bennett and Joshi, Neel and Vaish, Vaibhav and Talvala, Eino-Ville and Antunez, Emilio and Barth, Adam and Adams, Andrew and Horowitz, Mark and Levoy, Marc},
  booktitle={ACM Transactions on Graphics (TOG)},
  volume={24},
  number={3},
  pages={765--776},
  year={2005},
  organization={ACM}
}

@inproceedings{8,
  title={Synthetic aperture focusing using a shear-warp factorization of the viewing transform},
  author={Vaish, Vaibhav and Garg, Gaurav and Talvala, Eino-Ville and Antunez, Emilio and Wilburn, Bennett and Horowitz, Mark and Levoy, Marc},
  booktitle={Computer Vision and Pattern Recognition-Workshops, 2005. CVPR Workshops. IEEE Computer Society Conference on},
  pages={129--129},
  year={2005},
  organization={IEEE}
}

@article{9,
  title={Context for the ESA ExoMars rover: the Panoramic Camera (PanCam) instrument},
  author={Griffiths, Andrew D and Coates, Andrew J and Jaumann, Ralf and Michaelis, Harald and Paar, Gerhard and Barnes, David and Josset, Jean-Luc},
  journal={International Journal of Astrobiology},
  volume={5},
  number={03},
  pages={269--275},
  year={2006},
  publisher={Cambridge Univ Press}
}

@article{10,
  title={Mars exploration rover Athena panoramic camera (Pancam) investigation},
  author={Bell, JF and Squyres, SW and Herkenhoff, KE and Maki, JN and Arneson, HM and Brown, D and Collins, SA and Dingizian, A and Elliot, ST and Hagerott, EC and others},
  journal={Journal of Geophysical Research: Planets},
  volume={108},
  number={E12},
  year={2003},
  publisher={Wiley Online Library}
}

@inproceedings{11,
  title={Tracking multiple people with a multi-camera system},
  author={Chang, T-H and Gong, Shaogang},
  booktitle={Multi-Object Tracking, 2001. Proceedings. 2001 IEEE Workshop on},
  pages={19--26},
  year={2001},
  organization={IEEE}
}

@inproceedings{12,
  title={Multi-camera tracking and segmentation of occluded people on ground plane using search-guided particle filtering},
  author={Kim, Kyungnam and Davis, Larry S},
  booktitle={European Conference on Computer Vision},
  pages={98--109},
  year={2006},
  organization={Springer}
}

@inproceedings{13,
  title={On benchmarking camera calibration and multi-view stereo for high resolution imagery},
  author={Strecha, Christoph and Von Hansen, Wolfgang and Van Gool, Luc and Fua, Pascal and Thoennessen, Ulrich},
  booktitle={Computer Vision and Pattern Recognition, 2008. CVPR 2008. IEEE Conference on},
  pages={1--8},
  year={2008},
  organization={Ieee}
}

@inproceedings{14,
  title={Complete calibration of a multi-camera network},
  author={Baker, Patrick and Aloimonos, Yiannis},
  booktitle={Omnidirectional Vision, 2000. Proceedings. IEEE Workshop on},
  pages={134--141},
  year={2000},
  organization={IEEE}
}

@inproceedings{15,
  title={Wide-area external multi-camera calibration using vision graphs and virtual calibration object},
  author={Kurillo, Gregorij and Li, Zeyu and Bajcsy, Ruzena},
  booktitle={Distributed Smart Cameras, 2008. ICDSC 2008. Second ACM/IEEE International Conference on},
  pages={1--9},
  year={2008},
  organization={IEEE}
}

@inproceedings{16,
  title={Foreground based borderline adjusting for real time multi-camera video stitching},
  author={Zhang, Hongming and Zeng, Wei and Chen, Xin},
  booktitle={Image and Graphics, 2009. ICIG'09. Fifth International Conference on},
  pages={355--360},
  year={2009},
  organization={IEEE}
}

@article{17,
  title={基于 PCI 总线多路图像采集卡的研究},
  author={朱海宽 and 万丽雯},
  journal={自动化技术与应用},
  volume={27},
  number={2},
  pages={93--96},
  year={2008}
}

@article{刘晓军2009采用,
  title={采用 HD-SDI 的高清视频采集卡的设计与实现},
  author={刘晓军},
  journal={電視技術},
  volume={33},
  number={1},
  pages={91--93},
  year={2009},
  publisher={北京電視電聲雜誌社}
}

@article{王剑非2007基于,
  title={基于 Linux 操作系统的视频采集卡驱动程序设计},
  author={王剑非 and 孟彦杰 and 赵勇},
  journal={微计算机信息},
  number={01Z},
  pages={94--96},
  year={2007}
}

@article{姜广文,
  title={基于外触发和软件控制的多摄像机同步采集处理系统},
  author={姜广文 and 晁志超 and 江和平 and 伏思华},
  journal={应用光学},
  number={5},
  pages={756--760},
  year={2009}
}

@article{国蓉2014具有,
  title={具有外同步功能的 CCD 视频监控摄像机硬件设计},
  author={国蓉 and 焦旸 and 高明 and 杜玉军},
  journal={西安工业大学学报},
  volume={34},
  number={4},
  pages={268--273},
  year={2014}
}